<?xml version="1.0" encoding="UTF-8"?><collection xmlns="http://www.loc.gov/MARC21/slim"><record><leader>00610nam--2200205-u-4500</leader><controlfield tag="001">000052575</controlfield><controlfield tag="002">20161230</controlfield><controlfield tag="005">20161230201050</controlfield><controlfield tag="008">100914s1000------------r-----000-0-rus-d</controlfield><datafield ind1=" " ind2=" " tag="040"><subfield code="a">IFIN-HH</subfield></datafield><datafield ind1=" " ind2=" " tag="041"><subfield code="a">rus</subfield></datafield><datafield ind1=" " ind2=" " tag="080"><subfield code="a">533.7:532.7</subfield></datafield><datafield ind1="1" ind2=" " tag="100"><subfield code="a">Hirschfelder, J.O</subfield></datafield><datafield ind1="1" ind2="0" tag="245"><subfield code="a">Moleculaliarnia teoriia gazob i jidkostei</subfield><subfield code="c">J.O. Hirschfelder, Ch.F. Curtis, R.B. Bird</subfield></datafield><datafield ind1=" " ind2=" " tag="260"><subfield code="a">Moskva</subfield><subfield code="b">Inostrannoi literaturi</subfield><subfield code="c">1961</subfield></datafield><datafield ind1=" " ind2=" " tag="300"><subfield code="a">929 p</subfield></datafield><datafield ind1=" " ind2=" " tag="500"><subfield code="a">Titlul original in lb. engleza: Molecular Theory of Gases and Liquids</subfield></datafield><datafield ind1="1" ind2=" " tag="700"><subfield code="a">Bird, R.B</subfield></datafield><datafield ind1=" " ind2=" " tag="852"><subfield code="a">1297</subfield><subfield code="c">533.7</subfield></datafield><datafield ind1=" " ind2=" " tag="CAT"><subfield code="a">Sys</subfield><subfield code="c">20100914</subfield><subfield code="h">143528</subfield></datafield></record></collection>